@inproceedings{Kostopoulos2018,
    author = {Kostopoulos, G., Karlos, S., Kotsiantis, S., & Ragos, O.},
    title = {Semi-supervised regression: A recent review.},
    booktitle = {Journal of Intelligent & Fuzzy Systems, 35(2)},
    pages = {1483-1500},
    year = {2018}
}

@INPROCEEDINGS{Xu2021SSR,
  author={Xu, Wen and Tang, Jian and Xia, Heng},
  booktitle={2021 40th Chinese Control Conference (CCC)}, 
  title={A review of semi-supervised learning for industrial process regression modeling}, 
  year={2021},
  pages={1359-1364},
  doi={10.23919/CCC52363.2021.9550262}}



@inproceedings{oldinterpolator,
    author = {Weber D., Englund E. },
    title = {Evaluation and Comparison of Spatial Interpolators },
    booktitle = {Mathematical Geology, Vol. 24, N 4.},
    year = {1992},
    pages={381-391}
}


@article{hudson1994mapping,
  title={Mapping temperature using kriging with external drift: theory and an example from Scotland},
  author={Hudson, Gordon and Wackernagel, Hans},
  journal={International journal of Climatology},
  volume={14},
  number={1},
  pages={77--91},
  year={1994},
  publisher={John Wiley \& Sons, Ltd. Chichester, UK}
}

@book{wackernagel1995multivariate,
    author = {Hans Wackernagel},
    title = {Multivariate Geostatistics},
    publisher = {Springer Berlin, Heidelberg},
    year = {1995},
    doi = {https://doi.org/10.1007/978-3-662-03098-1}
}

@book{geostatics_book,
    author = {Демьянов В.В., Савельева Е.А.},
    title = {Геостатистика: теория и практика},
    publisher = {Наука, Москва},
    year = {2010}
}

@article{kanushin2023review,
  title={Обзор методов интерполирования функции двух переменных в узлы регулярной сети при обработке геофизической информации},
  author={Канушин, ВФ and Кобелева, НН and Голдобин, ДН and Зверев, ИВ},
  year={2023},
  journal={нигде},
  doi={https://doi.org/10.33764/2618-981X-2023-1-1-207-215}
}

@inproceedings{citation-key,
    author = ,
    title = ,
    booktitle = ,
    year = 
}

@article{kataev2013classification,
  title={Использование классификации в задаче пространственной интерполяции},
  author={Катаев, Сергей Григорьевич and Катаева, София Семеновна and Кусков, Аркадий Игнатьевич and others},
  year={2013},
  journal={нигде}
}

@article{krukova2018spatialinterpolation,
  title={Оценка методов пространственной интерполяции метеорологических данных},
  author={Крюкова, Светлана Викторовна and Симакина, Татьяна Евгеньевна},
  journal={Общество. Среда. Развитие (Terra Humana)},
  number={1 (46)},
  pages={144--151},
  year={2018},
  publisher={Общество с ограниченной ответственностью {\guillemotleft}Центр научно-информационных~…}
}

@article{sanchez2019growing,
  title={Growing stock volume from multi-temporal landsat imagery through google earth engine},
  author={Sanchez-Ruiz, Sergio and Moreno-Martinez, Alvaro and Izquierdo-Verdiguier, Emma and Chiesi, Marta and Maselli, Fabio and Gilabert, Mar{\'\i}a Amparo},
  journal={International Journal of Applied Earth Observation and Geoinformation},
  volume={83},
  pages={101913},
  year={2019},
  publisher={Elsevier}
}

@article{MA2019117729,
title = {A temporal-spatial interpolation and extrapolation method based on geographic Long Short-Term Memory neural network for PM2.5},
journal = {Journal of Cleaner Production},
volume = {237},
pages = {117729},
year = {2019},
issn = {0959-6526},
doi = {https://doi.org/10.1016/j.jclepro.2019.117729},
url = {https://www.sciencedirect.com/science/article/pii/S0959652619325892},
author = {Jun Ma and Yuexiong Ding and Jack C.P. Cheng and Feifeng Jiang and Zhiwei Wan},
keywords = {Air quality, Deep learning, Geographic LSTM, PM2.5, Spatial extrapolation},
}

@article{LIU2011568,
title = {A Novel Spatial Interpolation Method Based on the Integrated RBF Neural Network},
journal = {Procedia Environmental Sciences},
volume = {10},
pages = {568-575},
year = {2011},
note = {2011 3rd International Conference on Environmental Science and Information Application Technology ESIAT 2011},
issn = {1878-0296},
doi = {https://doi.org/10.1016/j.proenv.2011.09.092},
url = {https://www.sciencedirect.com/science/article/pii/S1878029611002878},
author = {Sicong Liu and Yufeng Zhang and Panhua Ma and Bing Lu and Hong Su},
keywords = {integrated RBF network, Kriging method, spatial interpolation analysis}
}

@article{maack2016modelling,
title = {Modelling the standing timber volume of Baden-Württemberg—A large-scale approach using a fusion of Landsat, airborne LiDAR and National Forest Inventory data},
journal = {International Journal of Applied Earth Observation and Geoinformation},
volume = {49},
pages = {107-116},
year = {2016},
issn = {1569-8432},
doi = {https://doi.org/10.1016/j.jag.2016.02.004},
url = {https://www.sciencedirect.com/science/article/pii/S0303243416300162},
author = {Joachim Maack and Marcus Lingenfelder and Holger Weinacker and Barbara Koch},
keywords = {Timber volume modelling, Large-scale interpolation, Generalized additive models, Airborne LiDAR, Landsat 7}
}